@techreport{Bender1998,
address = {Garching},
author = {Bender, P. and Brillet, A. and Ciufolini, I. and Cruise, A. M. and Cutler, C. and Danzmann, K. and Fidecaro, F. and Folkner, W. M. and Hough, J. and McNamara, P. and Peterseim, M. and Robertson, D. and Rodrigues, M. and R\"{u}diger, A. and Sandford, M. and Sch\"{a}fer, G. and Schilling, R. and Schutz, B. and Speake, C. and Stebbins, R. T. and Sumner, T. and Touboul, P. and Vinet, {J.-Y.} and Vitale, S. and Ward, H. and Winkler, W.},
edition = {Second},
institution = {Max-Planck-Institut f\"{u}r Quantenoptik},
title = {{LISA Pre-Phase A Report}},
year = {1998}
}
@article{Cutler1994,
author = {Cutler, Curt and Kennefick, Daniel and Poisson, Eric},
doi = {10.1103/PhysRevD.50.3816},
journal = {Physical Review D},
month = sep,
number = {6},
pages = {3816--3835},
title = {{Gravitational radiation reaction for bound motion around a Schwarzschild black hole}},
url = {http://prd.aps.org/abstract/PRD/v50/i6/p3816_1},
volume = {50},
year = {1994}
}
@article{Danzmann2003,
author = {Danzmann, Karsten and R\"{u}diger, Albrecht},
doi = {10.1088/0264-9381/20/10/301},
journal = {Classical and Quantum Gravity},
month = may,
number = {10},
pages = {S1--S9},
title = {{LISA technology concept, status, prospects}},
url = {http://stacks.iop.org/0264-9381/20/i=10/a=301},
volume = {20},
year = {2003}
}
@book{Gradshteyn2000,
address = {London},
author = {Gradshteyn, I.S. and Ryzhik, I.M.},
edition = {Sixth},
editor = {Jeffrey, A.},
publisher = {Academic Press},
title = {{Table of Integrals, Series, and Products}},
year = {2000}
}
@article{Hopman2007,
author = {Hopman, Clovis and Freitag, Marc and Larson, Shane L.},
doi = {10.1111/j.1365-2966.2007.11758.x},
journal = {Monthly Notices of the Royal Astronomical Society},
month = jun,
number = {1},
pages = {129--136},
title = {{Gravitational wave bursts from the Galactic massive black hole}},
url = {http://arxiv.org/abs/astro-ph/0612337},
volume = {378},
year = {2007}
archivePrefix = {arXiv},
eprint = {astro-ph/0612337},
}
@article{Martel2004a,
author = {Martel, Karl},
doi = {10.1103/PhysRevD.69.044025},
journal = {Physical Review D},
month = feb,
number = {4},
numpages = {20},
pages = {044025},
title = {{Gravitational waveforms from a point particle orbiting a Schwarzschild black hole}},
url = {http://prd.aps.org/abstract/PRD/v69/i4/e044025},
volume = {69},
year = {2004}
}
@article{Peters1963,
author = {Peters, P. C. and Mathews, J.},
doi = {10.1103/PhysRev.131.435},
journal = {Physical Review},
month = jul,
number = {1},
pages = {435--440},
publisher = {American Physical Society},
shorttitle = {Phys. Rev.},
title = {{Gravitational Radiation from Point Masses in a Keplerian Orbit}},
url = {http://link.aps.org/doi/10.1103/PhysRev.131.435},
volume = {131},
year = {1963}
}
@article{Peters1964,
author = {Peters, P. C.},
doi = {10.1103/PhysRev.136.B1224},
journal = {Physical Review},
month = nov,
number = {4B},
pages = {B1224--B1232},
publisher = {American Physical Society},
shorttitle = {Phys. Rev.},
title = {{Gravitational Radiation and the Motion of Two Point Masses}},
url = {http://link.aps.org/doi/10.1103/PhysRev.136.B1224},
volume = {136},
year = {1964}
}
@article{Rubbo2006,
author = {Rubbo, Louis J. and Holley-Bockelmann, Kelly and Finn, Lee Samuel},
doi = {10.1086/508326},
journal = {The Astrophysical Journal},
keywords = {Astrophysics,General Relativity and Quantum Cosmology},
month = sep,
number = {1},
pages = {L25--L28},
publisher = {AIP},
title = {{Event Rate for Extreme Mass Ratio Burst Signals in the Laser Interferometer Space Antenna Band}},
url = {http://stacks.iop.org/1538-4357/649/i=1/a=L25},
volume = {649},
year = {2006}
archivePrefix = {arXiv},
eprint = {astro-ph/0602445}
}
@book{Watson1995,
address = {Cambridge},
author = {Watson, G. N.},
edition = {Second},
publisher = {Cambridge University Press},
series = {Cambridge Mathematical Library},
title = {{A Treatise on the Theory of Bessel Functions}},
year = {1995}
}
