@CONTROL{REVTEX41Control}
@CONTROL{apsrev41Control,author="08",editor="1",pages="0",title="",year="1"}
@FOOTNOTE{Note1,key="Note1",note="We use ``parabolic'' to refer to marginally bound orbits. Marginally bound Keplerian orbits are parabola; in curved spacetimes they do not retain such a simple shape."}
